@preamble{ "\newcommand{\noopsort}[1]{} "
	# "\newcommand{\printfirst}[2]{#1} "
	# "\newcommand{\singleletter}[1]{#1} "
	# "\newcommand{\switchargs}[2]{#2#1} " }

@misc{wiki:2000-fl-pres,
   author = {Wikipedia},
   title = {United States presidential election in Florida, 2000},
   howpublished = "\url{http://en.wikipedia.org/wiki/United_States_presidential_election_in_Florida,_2000}",
   note = {[Online; accessed 18-May-2015]}
 }

 @misc{wiki:evote,
   author = {Wikipedia},
   title = {Electronic voting},
   howpublished = "\url{http://en.wikipedia.org/wiki/Electronic_voting}",
   note = {[Online; accessed 18-May-2015]}
 }

@article{naish:italian-attack,
   author = {L. Naish},
   title = {Partial Disclosure of Votes in STV Elections},
   journal = {Voting Matters},
   year = 2013,
   volume = 30
}

@misc{wiki:secret-ballot,
   author = {Wikipedia},
   title = {Secret ballot},
   howpublished = "\url{http://en.wikipedia.org/wiki/Secret_ballot}",
   note = {[Online; accessed 18-May-2015]}
}

@misc{wiki:dre,
   author = {Wikipedia},
   title = {DRE voting machine},
   howpublished = "\url{http://en.wikipedia.org/wiki/DRE_voting_machine}",
   note = {[Online; accessed 18-May-2015]}
}

@misc{wiki:flops,
   author = {Wikipedia},
   title = {FLOPS},
   howpublished = "\url{http://en.wikipedia.org/wiki/FLOPS#Cost_of_computing}",
   note = {[Online; accessed 18-May-2015]}
}

@inproceedings{feldman07,
   author = {A. Feldman and J. Halderman and E. Felten},
   title = {Security Analysis of the Diebold AccuVote-TS Voting Machine},
   booktitle = {Proc. 2007 USENIX/Accurate Electronic Voting Technology Workshop},
   year = 2007
}

@misc{gonggrijp06,
   author = {Rop Gonggrijp and others},
   title = {Nedap/Groenendaal ES3B voting computer: a security analysis},
   year = 2006
}

@article{mercuri:vvpat,
   author = {R. Mercuri},
   title = {Voting-machine risks},
   journal = {Commun. ACM},
   year = 1992,
   volume = 35,
   number = 11
}

@inproceedings{bt94,
   author = {J. Benaloh and D. Tuinstra},
   title = {Receipt-free secret-ballot elections},
   booktitle = {Proc. 26th ACM Symposium on Theory of Computing},
   year = 1994,
}

@inproceedings{jcj05,
   author = {A. Juels and D. Catalano and M. Jakobsson},
   title = {Coercion-resistant electronic elections},
   booktitle = {Proc. ACM Workshop on Privacy in the Electronic Society},
   year = 2005,
}

@misc{ace-electoral-network,
   author = {Ace Electoral Knowledge Network},
   title = {Results Management Systems},
   howpublished = "\url{http://aceproject.org/ace-en/pdf/vc/view}",
   note = {[Online; accessed 18-May-2015]}
}

@inproceedings{chaum04,
   author = {D. Chaum},
   title = {Secret-ballot receipts},
   booktitle = {Proc. 25th IEEE Symposium on Security and Privacy},
   year = 2004
}

@misc{neff04,
   author = {C. Andrew Neff},
   title = {Practical high certainty intent verification for encrypted votes},
   howpublished = {Votehere, Inc. whitepaper},
   year = 2004
}

@inproceedings{benaloh06,
   author = {J. Benaloh},
   title = {Simple Verifiable Elections},
   booktitle = {Proc. 2006 USENIX/Accurate Electronic Voting Technology Workshop},
   year = 2006
}

@article{shamir79,
   title={How to share a secret},
   author={A. Shamir},
   journal={Commun. ACM},
   volume={22},
   number={11},
   year={1979}
}

@incollection{pedersen91,
   author = {T. Pedersen},
   editor = {D. Davies},
   title = {A threshold cryptosystem without a trusted party (extended abstract)},
   booktitle = {Lecture Notes in Computer Science},
   volume = 547,
   publisher = {Springer},
   year = 1991
}

@incollection{gennaro,
   author = {R. Gennaro and S. Jarecki and H. Krawczyk and T. Rabin},
   editor = {J. Stern},
   title = {Secure distributed key generation for discrete-log based cryptosystems},
   volume = 1592,
   booktitle = {Lecture Notes in Computer Science},
   publisher = {Springer},
   year = 1999
}

@article{elgamal,
   author = {T. El Gamal},
   title = {A Public Key Cryptosystem and a Signature Scheme Based on Discrete Logarithms},
   journal = {IEEE Trans. Inform. Theory},
   volume = 31,
   year = 1985
}

@inproceedings{chaum-pedersen,
   author = {D. Chaum and T. Pedersen},
   title = {Wallet Databases with Observers},
   booktitle = {Proceedings on Advances in Cryptology - Crypto '92},
   year = 1992
}


@inproceedings{adida-helios,
   author = {B. Adida},
   title = {Helios: Web-based Open-audit Voting},
   booktitle = {Proceedings of the 17th Conference on Security Symposium},
   year = {2008}
}

@inproceedings{starvote,
   author = {S. Bell and others},
   title = {STAR-Vote: A Secure, Transparent, Auditable, and Reliable Voting System},
   booktitle = {USENIX Journal of Election Technology and Systems},
   volume = 1,
   year = 2013
}

@article{chaum81,
   author = {D. Chaum},
   title = {Untraceable electronic mail, return addresses, and digital pseudonyms},
   journal = {Commun. ACM},
   volume = 24,
   number = 2,
   year = 1981
}

@phdthesis{adida-phd,
   author = {B. Adida},
   title = {Advances in Cryptographic Voting Systems},
   school = {Massachusetts Institute of Technology},
   type = {{PhD} Dissertation},
   address = {Department of Electrical Engineering and Computer Science},
   month = {August},
   year = 2006,
}

@incollection{park94,
   author = {C. Park and K. Itoh and K. Kurosawa},
   editor = {T. Helleseth},
   title = {Efficient anonymous channel and all/nothing election scheme},
   volume = 765,
   booktitle = {Lecture Notes in Computer Science},
   publisher = {Springer},
   year = 1994
}

@incollection{pfitzmann90,
   author = {B. Pfitzmann and A. Pfitzmann},
   title = {How to break the direct rsa-implementation of mixes},
   editor = {J. Quisquater and J. Vandewalle},
   booktitle = {Lecture Notes in Computer Science},
   volume = 434,
   publisher = {Springer},
   year = 1990
}

@incollection{pfitzmann95,
   author = {B. Pfitzmann},
   title = {Breaking efficient anonymous channel},
   editor = {A. De Santis},
   booktitle = {Lecture Notes in Computer Science},
   volume = 950,
   publisher = {Springer},
   year = 1995
}

@incollection{sako95,
   author = {K. Sako and J. Kilian},
   title = {Receipt-free mix-type voting scheme - a practical solution to the implementation of a voting booth},
   editor = {L. Guillou and J. Quisquater},
   booktitle = {Lecture Notes in Computer Science},
   volume = 921,
   publisher = {Springer},
   year = 1995
}

@inproceedings{fiat-shamir,
 author = {A. Fiat and A. Shamir},
 title = {How to Prove Yourself: Practical Solutions to Identification and Signature Problems},
 booktitle = {Proceedings on Advances in Cryptology - Crypto '86},
 year = {1987},
}

@incollection{jjr02,
   author = {M. Jakobsson and A. Juels and R. Rivest},
   title = {Making mix nets robust for electronic voting by randomized partial checking},
   editor = {D. Boneh},
   booktitle = {USENIX Security Symposium},
   publisher = {USENIX},
   year = 2002
}

@inproceedings{rrv,
   author = {M. Rabin and R. Rivest},
   title = {Efficient End to  End Verifiable Electronic Voting Employing Split Value Representations},
   booktitle = {Proc. EVOTE 2014},
   year = 2014
}

@mastersthesis{marco,
   author = {M. Pedroso},
   title = {The Implementation of a Split-Value Verifiable Voting System},
   school = {Massachusetts Institute of Technology},
   type = {Master's Thesis},
   address = {Department of Electrical Engineering and Computer Science},
   year = 2015
}

@misc{intel,
   author = {S. Gueron},
   title = {Intel\textsuperscript{\textregistered} Advanced Encryption Standard (AES) New Instructions Set},
   howpublished = "\url{https://software.intel.com/sites/default/files/article/165683/aes-wp-2012-09-22-v01.pdf}",
   year = 2012,
   number = {323641-001},
   note = {[Online; accessed 18-May-2015]}
}

@misc{python-urandom,
   author = {The Python Software Foundation},
   title = {Miscellaneous operating system interfaces},
   howpublished = "\url{https://docs.python.org/3.4/library/os.html}",
   note = {[Online; accessed 18-May-2015]}
}

@misc{python-sockets,
   author = {The Python Software Foundation},
   title = {\texttt{socket} - Low-level networking interface},
   howpublished = "\url{https://docs.python.org/3.4/library/socket.html}",
   note = {[Online; accessed 18-May-2015]}
}

@article{scantegrity,
  title={Scantegrity: End-to-end voter-verifiable optical-scan voting},
  author={D. Chaum and others},
  journal={Security \& Privacy, IEEE},
  volume={6},
  number={3},
  year={2008},
  publisher={IEEE}
}

@incollection{chase13,
   author = {M. Chase and M. Kohlweiss and A. Lysyanskaya and S. Meiklejohn},
   title = {Verifiable Elections That Scale for Free},
   editor = {K. Kurosawa and G. Hanaoka},
   booktitle = {Lecture Notes in Computer Science},
   volume = 7778,
   publisher = {Springer},
   year = 2013
}

@inproceedings{votebox,
   author = {D. Sandler and K. Derr and D. Wallach},
   title = {VoteBox: A tamper-evident, verifiable electronic voting system},
   booktitle = {Proceedings of the 17th USENIX Security Symposium},
   year = 2008
}

@incollection{khazaei13,
   author = {S. Khazaei and D. Wikstr\"{o}m},
   title = {Randomized Partial Checking Revisited},
   editor = {E. Dawson},
   booktitle = {Lecture Notes in Computer Science},
   volume = 7779,
   publisher = {Springer},
   year = 2013
}

@misc{json-bench,
   author = {Jyotiska},
   title = {JSON vs simpleJSON vs ultraJSON},
   howpublished = "\url{http://blog.dataweave.in/post/87589606893/json-vs-simplejson-vs-ultrajson}",
   note = {[Online; accessed 20-May-2015]}
}
